<?xml version="1.0" encoding="UTF-8"?><collection xmlns="http://www.loc.gov/MARC21/slim"><record><leader>00516nam--2200169-i-4500</leader><controlfield tag="001">000004008</controlfield><controlfield tag="002">20161230</controlfield><controlfield tag="005">20161230201025</controlfield><controlfield tag="008">060222s1000------------r-----000-0-eng-d</controlfield><datafield ind1=" " ind2=" " tag="040"><subfield code="a">IFIN-HH</subfield></datafield><datafield ind1=" " ind2=" " tag="080"><subfield code="a">538.3+530.12:538.5</subfield></datafield><datafield ind1="1" ind2=" " tag="100"><subfield code="a">Cullwick, E.G</subfield></datafield><datafield ind1="1" ind2="0" tag="245"><subfield code="a">Electromagnetism and relativity with particular reference to moving media and electromagnetic induction</subfield><subfield code="c">E.c. cullwick</subfield></datafield><datafield ind1=" " ind2=" " tag="260"><subfield code="a">London</subfield><subfield code="b">Longmans, Green And Co</subfield><subfield code="c">1957</subfield></datafield><datafield ind1=" " ind2=" " tag="300"><subfield code="a">299P</subfield></datafield><datafield ind1=" " ind2=" " tag="852"><subfield code="a">12267</subfield><subfield code="c">537:538</subfield></datafield><datafield ind1=" " ind2=" " tag="CAT"><subfield code="a">Sys</subfield><subfield code="c">20110608</subfield><subfield code="h">141410</subfield></datafield></record></collection>